<?xml version="1.0" encoding="UTF-8"?><collection xmlns="http://www.loc.gov/MARC21/slim"><record><leader>00501nam--2200169-i-4500</leader><controlfield tag="001">000007904</controlfield><controlfield tag="002">20161230</controlfield><controlfield tag="005">20161230201027</controlfield><controlfield tag="008">060222s1000------------r-----000-0-rum-d</controlfield><datafield ind1=" " ind2=" " tag="040"><subfield code="a">IFIn-HH</subfield></datafield><datafield ind1=" " ind2=" " tag="041"><subfield code="a">rum</subfield></datafield><datafield ind1="1" ind2=" " tag="100"><subfield code="a">Certousov, M.D</subfield></datafield><datafield ind1="1" ind2="0" tag="245"><subfield code="a">Hidraulica</subfield><subfield code="b">Curs special. traducere din limba rusa sub redactia stiintifica a acad.prof. du mitru dumitrescu</subfield><subfield code="c">M.d. certousov</subfield></datafield><datafield ind1=" " ind2=" " tag="260"><subfield code="a">Bucuresti, Editura Tehnica, 1966</subfield></datafield><datafield ind1=" " ind2=" " tag="300"><subfield code="a">852 P</subfield></datafield><datafield ind1=" " ind2=" " tag="852"><subfield code="a">22888</subfield><subfield code="c">532</subfield></datafield><datafield ind1=" " ind2=" " tag="CAT"><subfield code="a">Sys</subfield><subfield code="c">20100713</subfield><subfield code="h">150007</subfield></datafield></record></collection>